
%% Created for Jakob Suckale at 2007-09-06 11:30:44 +0200 


%% Saved with string encoding Unicode (UTF-8) 


@article{name06,
 abstract = {},
 author = {name, O.},
 year = {2006},
 title = {{Title}},
 keywords = {keyword1},
 pages = {1--31},
 pagination = {page},
 volume = {1},
 number = {1},
 issn = {1234-1234},
 journal = {{Journal of Sth}},
 doi = {10.1007/1234}
}

@article{lastname07,
 abstract = {},
 author = {Lastname, O.},
 year = {2007},
 title = {{Title}},
 keywords = {keyword1},
 pages = {1--31},
 pagination = {page},
 volume = {1},
 number = {1},
 issn = {1234-1234},
 journal = {{Journal of Sth}},
 doi = {10.1007/1234}
}